<?xml version="1.0" encoding="UTF-8"?><collection xmlns="http://www.loc.gov/MARC21/slim"><record><leader>00567nam--2200181-i-4500</leader><controlfield tag="001">000016919</controlfield><controlfield tag="002">20161230</controlfield><controlfield tag="005">20161230201032</controlfield><controlfield tag="008">060222s1000------------r-----000-0-eng-d</controlfield><datafield ind1=" " ind2=" " tag="020"><subfield code="a">9971500167</subfield></datafield><datafield ind1=" " ind2=" " tag="040"><subfield code="a">IFIN-HH</subfield></datafield><datafield ind1=" " ind2=" " tag="080"><subfield code="a">52.726(061.3)</subfield></datafield><datafield ind1=" " ind2=" " tag="100"><subfield code="a">Buti, B</subfield></datafield><datafield ind1="1" ind2="0" tag="245"><subfield code="a">Advances in space plasma physics</subfield><subfield code="b">Invited reviews of 1985 plasma physics college international centre for theoretical physics trieste, italy</subfield><subfield code="c">B. buti (ed.)</subfield></datafield><datafield ind1=" " ind2=" " tag="260"><subfield code="a">Singapore</subfield><subfield code="b">World Scientific</subfield><subfield code="c">1985</subfield></datafield><datafield ind1=" " ind2=" " tag="300"><subfield code="a">X + 476 P</subfield></datafield><datafield ind1=" " ind2=" " tag="852"><subfield code="a">79175</subfield><subfield code="c">523</subfield></datafield><datafield ind1=" " ind2=" " tag="CAT"><subfield code="a">Sys</subfield><subfield code="c">20141209</subfield><subfield code="h">183857</subfield></datafield></record></collection>